%% Lakatos

@inbook{Lakatos1970,
place={Cambridge},
title={Falsification and the Methodology of Scientific Research Programmes},
volume={4},
DOI={10.1017/CBO9781139171434.009},
booktitle={Criticism and the Growth of Knowledge: Proceedings of the International Colloquium in the Philosophy of Science, London, 1965}, publisher={Cambridge University Press},
author={Lakatos, I.},
year={1970},
pages={91–196}
}

% own publications

@article{Schneider2019,
author = {Schneider, Marian and Kemper, Valentin G. and Emmerling, Thomas C. and {De Martino}, Federico and Goebel, Rainer},
doi = {10.1073/pnas.1814504116},
issn = {0027-8424},
journal = {Proceedings of the National Academy of Sciences},
mendeley-groups = {Publications},
pages = {201814504},
title = {{Columnar clusters in the human motion complex reflect consciously perceived motion axis}},
url = {http://www.pnas.org/lookup/doi/10.1073/pnas.1814504116},
year = {2019}
}

% conceptual columns

@article{Rakic2008,
author = {Rakic, P.},
doi = {10.1073/pnas.0807271105},
isbn = {0027-8424},
issn = {0027-8424},
pages = {12099-12100},
number = {34},
volume = {105},
journal = {Proceedings of the National Academy of Sciences},
pmid = {18715998},
title = {{Confusing cortical columns}},
year = {2008}
}

@article{Horton2005,
  doi = {10.1098/rstb.2005.1623},
  url = {https://doi.org/10.1098/rstb.2005.1623},
  year  = {2005},
  month = {apr},
  publisher = {The Royal Society},
  volume = {360},
  number = {1456},
  pages = {837--862},
  author = {J. C. Horton and D. L. Adams},
  title = {The cortical column: a structure without a function},
  journal = {Philosophical Transactions of the Royal Society B: Biological Sciences}
}

@article{Bastos2012,
archivePrefix = {arXiv},
arxivId = {NIHMS150003},
author = {Bastos, Andre M. and Usrey, W. Martin and Adams, Rick A. and Mangun, George R. and Fries, Pascal and Friston, Karl J.},
doi = {10.1016/j.neuron.2012.10.038},
eprint = {NIHMS150003},
isbn = {1053-8119},
issn = {08966273},
journal = {Neuron},
mendeley-groups = {PredictiveCoding},
number = {4},
pages = {695--711},
pmid = {23177956},
publisher = {Elsevier Inc.},
title = {{Canonical Microcircuits for Predictive Coding}},
url = {http://dx.doi.org/10.1016/j.neuron.2012.10.038},
volume = {76},
year = {2012}
}


% column work in monkeys

@article{Mountcastle1956,
author = {Mountcastle, Vernon},
journal = {Journal of Neurophysiology},
title = {{Modality and Topographic Properties of Single Neurons of Cats's Somatic Sensory Cortex}},
year = {1956},
pages = {408-434},
number = {4},
volume = {20},
}

@article{Tanaka2003,
author = {Tanaka, K.},
doi = {10.1093/cercor/13.1.90},
isbn = {1047-3211$\backslash$r1460-2199},
issn = {14602199},
journal = {Cerebral Cortex},
number = {1},
pages = {90--99},
pmid = {12466220},
title = {{Columns for complex visual object features in the inferotemporal cortex: Clustering of cells with similar but slightly different stimulus selectivities}},
volume = {13},
year = {2003}
}

@article{Albright1984,
author = {Albright, T D and Desimone, R and Gross, C G},
doi = {6693933},
isbn = {0022-3077 (Print)$\backslash$r0022-3077 (Linking)},
issn = {0022-3077},
journal = {Journal of neurophysiology},
number = {1},
pages = {16--31},
pmid = {6693933},
title = {{Columnar organization of directionally selective cells in visual area MT of the macaque.}},
volume = {51},
year = {1984}
}

@article{Britten1998,
author = {Britten, K H},
doi = {10.1017/S0952523898153166},
isbn = {0952523809},
issn = {0952-5238},
journal = {Vis Neurosci},
keywords = {Animals,Macaca,Macaca: physiology,Motion Perception,Motion Perception: physiology,Neurons,Neurons: physiology,Visual Cortex,Visual Cortex: physiology,Visual Pathways,Visual Pathways: physiology},
number = {3},
pages = {553--558},
pmid = {9685207},
title = {{Clustering of response selectivity in the medial superior temporal area of extrastriate cortex in the macaque monkey}},
volume = {15},
year = {1998}
}

@article{Salzman1990,
archivePrefix = {arXiv},
arxivId = {0801.3609},
author = {Salzman, C. Daniel and Britten, Kenneth H. and Newsome, William T.},
doi = {10.1038/346174a0},
eprint = {0801.3609},
isbn = {0028-0836 (Print)$\backslash$r0028-0836},
issn = {0028-0836},
journal = {Nature},
number = {6280},
pages = {174--177},
pmid = {2366872},
title = {{Cortical microstimulation influences perceptual judgements of motion direction}},
volume = {346},
year = {1990}
}


% Columns, human fMRI, research articles
@article{Cheng2001,
author = {Cheng, Kang and Waggoner, R Allen and Tanaka, Keiji},
journal = {Neuron},
pages = {1--16},
title = {{Human ocular dominance columns as revealed by high-field functional magnetic resonance imaging}},
url = {papers3://publication/uuid/67985648-9947-4952-AF2F-3B1D746D73C7},
volume = {32},
year = {2001}
}

@article{Zimmermann2011,
author = {Zimmermann, Jan and Goebel, Rainer and de Martino, Federico and van de Moortele, Pierre Francois and Feinberg, David and Adriany, Gregor and Chaimow, Denis and Shmuel, Amir and Uǧurbil, Kamil and Yacoub, Essa},
doi = {10.1371/journal.pone.0028716},
isbn = {1932-6203 (Electronic)$\backslash$r1932-6203 (Linking)},
issn = {19326203},
journal = {PLoS ONE},
number = {12},
pages = {1--10},
pmid = {22163328},
title = {{Mapping the organization of axis of motion selective features in human area mt using high-field fmri}},
volume = {6},
year = {2011}
}

@article{Yacoub2008,
author = {Yacoub, Essa and Harel, Noam},
number = {30},
pages = {254--264},
title = {{High-field fMRI unveils orientation columns in humans}},
journal={PNAS},
volume = {105},
year = {2008}
}

@article{Tootell2017,
author = {Tootell, Roger B.H. and Nasr, Shahin},
doi = {10.1523/JNEUROSCI.0690-17.2017},
issn = {0270-6474},
journal = {The Journal of Neuroscience},
pages = {0690--17},
title = {{Columnar Segregation of Magnocellular and Parvocellular Streams in Human Extrastriate Cortex}},
url = {http://www.jneurosci.org/lookup/doi/10.1523/JNEUROSCI.0690-17.2017},
year = {2017}
}

@article{Nasr2016,
author = {Nasr, S. and Polimeni, J. R. and Tootell, R. B. H.},
doi = {10.1523/JNEUROSCI.3518-15.2016},
issn = {0270-6474},
journal = {Journal of Neuroscience},
number = {6},
pages = {1841--57},
pmid = {26865609},
title = {{Interdigitated color- and disparity-selective columns within human visual cortical areas V2 and V3}},
volume = {36},
year = {2016}
}

@article{Goncalves2015,
author = {Goncalves, N. R. and Ban, H. and Sanchez-Panchuelo, R. M. and Francis, S. T. and Schluppeck, D. and Welchman, Andrew E},
doi = {10.1523/JNEUROSCI.3047-14.2015},
isbn = {1529-2401 (Electronic)$\backslash$r0270-6474 (Linking)},
issn = {0270-6474},
journal = {Journal of Neuroscience},
keywords = {binocular disparity,fmri,psychophysics,ultra-high-field imaging,v3a,visual cortex},
number = {7},
pages = {3056--3072},
pmid = {25698743},
title = {{7 Tesla fMRI Reveals Systematic Functional Organization for Binocular Disparity in Dorsal Visual Cortex}},
url = {http://www.jneurosci.org/cgi/doi/10.1523/JNEUROSCI.3047-14.2015},
volume = {35},
year = {2015}
}

@article{DeMartino2015,
author = {{De Martino}, Federico and Moerel, Michelle and Ugurbil, Kamil and Goebel, Rainer and Yacoub, Essa and Formisano, Elia},
doi = {10.1073/pnas.1507552112},
issn = {0027-8424},
journal = {Proceedings of the National Academy of Sciences},
keywords = {7-Tesla,columns,depth-dependent,fMRI,tonotopy},
number = {52},
pages = {16036--16041},
pmid = {26668397},
title = {{Frequency preference and attention effects across cortical depths in the human primary auditory cortex}},
url = {http://www.pnas.org/lookup/doi/10.1073/pnas.1507552112},
volume = {112},
year = {2015}
}


% Columns, human fMRI, reviews

@article{Kemper2017review,
author = {Kemper, Valentin G. and {De Martino}, Federico and Emmerling, Thomas C. and Yacoub, Essa and Goebel, Rainer},
doi = {10.1016/j.neuroimage.2017.03.058},
issn = {10959572},
journal = {NeuroImage},
keywords = {7Tesla,9.4Tesla,Cortical depth sampling,Cortical thickness,Equi-volume,Equidistant,High resolution,Myelin,Ocular dominance,Submillimeter functional magnetic resonance imagin,Visual cortex},
number = {January},
pages = {48--58},
pmid = {28416453},
publisher = {Elsevier},
title = {{High resolution data analysis strategies for mesoscale human functional MRI at 7 and 9.4T}},
url = {http://dx.doi.org/10.1016/j.neuroimage.2017.03.058},
volume = {164},
year = {2018}
}

@article{Polimeni2017review,
author = {Polimeni, Jonathan R. and Renvall, Ville and Zaretskaya, Natalia and Fischl, Bruce},
doi = {10.1016/j.neuroimage.2017.04.053},
issn = {10959572},
journal = {NeuroImage},
keywords = {Anatomically-informed analysis,Distortion correction,Distortion-matched functional and anatomical data,FMRI preprocessing,High-resolution fMRI,Surface-based analysis,Surface-based distortion correction},
number = {March},
pages = {296--320},
pmid = {28461062},
publisher = {Elsevier},
title = {{Analysis strategies for high-resolution UHF-fMRI data}},
url = {http://dx.doi.org/10.1016/j.neuroimage.2017.04.053},
volume = {168},
year = {2018}
}

@article{DeMartino2016review,
author = {{De Martino}, Federico and Yacoub, Essa and Kemper, Valentin and Moerel, Michelle and Uludag, Kamil and {De Weerd}, Peter and Ugurbil, Kamil and Goebel, Rainer and Formisano, Elia},
doi = {10.1016/j.neuroimage.2017.03.060},
isbn = {1095-9572 (Electronic)$\backslash$r1053-8119 (Linking)},
issn = {10959572},
journal = {NeuroImage},
keywords = {Computational models,Cortical columns,Cortical laminae,High spatial resolution,Subcortical,Ultra high magnetic fields},
number = {March},
pages = {366--382},
pmid = {28396293},
publisher = {Elsevier},
title = {{The impact of ultra-high field MRI on cognitive and computational neuroimaging}},
url = {http://dx.doi.org/10.1016/j.neuroimage.2017.03.060},
volume = {168},
year = {2018}
}


% Correlation with percept, El-physiology

@article{Logothetis1989,
author = {Logothetis, N K},
doi = {10.1126/science.2772635},
isbn = {0036-8075 (Print) 0036-8075 (Linking)},
issn = {0036-8075},
journal = {Science},
keywords = {Action Potentials,Animals,Cerebral Cortex/cytology/*physiology,Macaca mulatta,Motion Perception/physiology,Neurons/*physiology,Saccades,Visual Perception/*physiology},
number = {4919},
pages = {761--763},
pmid = {2772635},
title = {{Neuronal correlates of subjective visual perception}},
url = {http://www.ncbi.nlm.nih.gov/pubmed/2772635{\%}5Cnhttp://www.sciencemag.org/cgi/content/abstract/245/4919/761},
volume = {245},
year = {1989}
}

@article{Sheinberg1997,
author = {Sheinberg, D L and Logothetis, N K},
doi = {10.1073/pnas.94.7.3408},
isbn = {0027-8424 (Print)$\backslash$r0027-8424 (Linking)},
issn = {0027-8424},
journal = {Proceedings of the National Academy of Sciences of the United States of America},
number = {7},
pages = {3408--3413},
pmid = {9096407},
title = {{The role of temporal cortical areas in perceptual organization}},
volume = {94},
year = {1997}
}


@article{Dodd2001,
author = {Dodd, J V and Krug, K and Cumming, B G and Parker, A J},
doi = {21/13/4809 [pii]},
isbn = {1529-2401 (Electronic)$\backslash$n0270-6474 (Linking)},
issn = {1529-2401},
journal = {The Journal of Neuroscience},
number = {13},
pages = {4809--21},
pmid = {11425908},
title = {{Perceptually bistable three-dimensional figures evoke high choice probabilities in cortical area MT}},
url = {http://www.jneurosci.org/content/21/13/4809.abstract{\%}5Cnhttp://www.ncbi.nlm.nih.gov/pubmed/11425908},
volume = {21},
year = {2001}
}

@article{Williams2003,
author = {Williams, Ziv M and Elfar, John C and Eskandar, Emad N and Toth, Louis J and Assad, John A},
doi = {10.1038/nn1055},
isbn = {1097-6256 (Print)$\backslash$n1097-6256 (Linking)},
issn = {10976256},
journal = {Nature Neuroscience},
number = {6},
pages = {616--623},
pmid = {12730699},
title = {{Parietal activity and the perceived direction of ambiguous apparent motion}},
volume = {6},
year = {2003}
}


% Correlation with percept, fMRI

@article{Tong1998,
archivePrefix = {arXiv},
arxivId = {arXiv:1408.1149},
author = {Tong, Frank and Nakayama, Ken and Vaughan, J. Thomas and Kanwisher, Nancy},
doi = {10.1016/S0896-6273(00)80592-9},
eprint = {arXiv:1408.1149},
isbn = {0896-6273},
issn = {08966273},
journal = {Neuron},
number = {4},
pages = {753--759},
pmid = {9808462},
title = {{Binocular rivalry and visual awareness in human extrastriate cortex}},
volume = {21},
year = {1998}
}

@article{Castelo-Branco2002,
author = {Castelo-Branco, M. and Formisano, E. and Backes, W. and Zanella, F. and Neuenschwander, S. and Singer, W. and Goebel, R.},
doi = {10.1073/pnas.202049999},
isbn = {0027-8424 (Print)$\backslash$r0027-8424 (Linking)},
issn = {0027-8424},
journal = {Proceedings of the National Academy of Sciences},
number = {21},
pages = {13914--13919},
pmid = {12368476},
title = {{Activity patterns in human motion-sensitive areas depend on the interpretation of global motion}},
url = {http://www.pnas.org/cgi/doi/10.1073/pnas.202049999},
volume = {99},
year = {2002}
}

@article{Muckli2002,
author = {Muckli, Lars and Kriegeskorte, Nikolaus and Lanfermann, Heinrich and Zanella, Friedhelm E and Singer, Wolf and Goebel, Rainer},
doi = {20026362},
issn = {1529-2401},
journal = {The Journal of Neuroscience},
keywords = {Brain Mapping,Eye Movements,Eye Movements: physiology,Fixation, Ocular,Fixation, Ocular: physiology,Flicker Fusion,Flicker Fusion: physiology,Frontal Lobe,Frontal Lobe: physiology,Gyrus Cinguli,Gyrus Cinguli: physiology,Humans,Magnetic Resonance Imaging,Motion Perception,Motion Perception: physiology,Motor Cortex,Motor Cortex: physiology,Photic Stimulation,Photic Stimulation: methods,Psychophysics,Psychophysics: methods,Saccades,Saccades: physiology,Somatosensory Cortex,Somatosensory Cortex: physiology,Time Factors},
number = {9},
pages = {219--219},
pmid = {11978860},
title = {{Apparent motion: event-related functional magnetic resonance imaging of perceptual switches and states}},
url = {http://www.ncbi.nlm.nih.gov/pubmed/11978860{\%}5Cnfile:///C:/Dokumente und Einstellungen/rose/Eigene Dateien/Literatur/amotion/app{\_}mot{\_}goebel.pdf},
volume = {22},
year = {2002}
}

@article{Muckli2005,
author = {Muckli, Lars and Kohler, Axel and Kriegeskorte, Nikolaus and Singer, Wolf},
doi = {10.1371/journal.pbio.0030265},
isbn = {1545-7885 (Electronic)},
issn = {15449173},
journal = {PLoS Biology},
number = {8},
pmid = {16018720},
title = {{Primary visual cortex activity along the apparent-motion trace reflects illusory perception}},
volume = {3},
year = {2005}
}

@article{Andrews2002,
author = {Andrews, Timothy J. and Schluppeck, Denis and Homfray, Dave and Matthews, Paul and Blakemore, Colin},
doi = {10.1016/S1053-8119(02)91243-7},
isbn = {1053-8119 (Print)$\backslash$r1053-8119 (Linking)},
issn = {10538119},
journal = {NeuroImage},
keywords = {Choice probability,Consciousness,Extrastriate visual cortex,FMRI,Objects,Signal detection},
number = {2},
pages = {890--901},
pmid = {12377163},
title = {{Activity in the fusiform gyrus predicts conscious perception of Rubin's vase-face illusion}},
volume = {17},
year = {2002}
}

@article{Hasson2001,
author = {Hasson, Uri and Hendler, Talma and Bashat, Dafna Ben and Malach, Rafael},
doi = {10.1162/08989290152541412},
isbn = {0898-929X},
issn = {0898-929X},
journal = {Journal of Cognitive Neuroscience},
number = {6},
pages = {744--753},
pmid = {11564319},
title = {{Vase or face? A neural correlate of shape-selective grouping processes in the human brain}},
volume = {13},
year = {2001}
}

@article{Kamitani2006,
archivePrefix = {arXiv},
arxivId = {NIHMS150003},
author = {Kamitani, Yukiyasu and Tong, Frank},
doi = {10.1016/j.cub.2006.04.003},
eprint = {NIHMS150003},
isbn = {0960-9822 (Print)$\backslash$r0960-9822 (Linking)},
issn = {09609822},
journal = {Current Biology},
keywords = {SYSNEURO},
number = {11},
pages = {1096--1102},
pmid = {16753563},
title = {{Decoding seen and attended motion directions from activity in the human visual cortex}},
volume = {16},
year = {2006}
}

@article{Brouwer2007,
author = {Brouwer, Gijs Joost and van Ee, Raymond},
doi = {10.1523/JNEUROSCI.4593-06.2007},
file = {:Users/Marian/Downloads/1015.full.pdf:pdf},
isbn = {1529-2401 (Electronic)$\backslash$r0270-6474 (Linking)},
issn = {0270-6474},
journal = {The Journal of Neuroscience},
keywords = {ambiguously rotating spheres,fMRI,multivariate classification,perceptual bistability,structure-from-motion,visual cortex},
number = {5},
pages = {1015--1023},
pmid = {17267555},
title = {{Visual cortex allows prediction of perceptual states during ambiguous structure-from-motion}},
volume = {27},
year = {2007}
}


% hMT+

@article{Huk2002,
author = {Huk, Alexander C and Dougherty, Robert F and Heeger, David J},
doi = {20026661},
isbn = {1529-2401 (Electronic) 0270-6474 (Linking)},
issn = {1529-2401},
journal = {The Journal of Neuroscience},
keywords = {1986,1988a,al,and mst are strongly,and several lines of,area mst,area mt,area mt ϩ,direction-selective,direction-selectivity,homology,komatsu and wurtz,most neurons in areas,mt,retinotopy,visual motion},
number = {16},
pages = {7195--7205},
pmid = {12177214},
title = {{Retinotopy and functional subdivision of human areas MT and MST}},
volume = {22},
year = {2002}
}

@article{Kolster2010,
author = {Kolster, Hauke and Peeters, Ronald and Orban, Guy a},
doi = {10.1523/JNEUROSCI.2069-10.2010},
isbn = {0270-6474},
issn = {1529-2401},
journal = {The Journal of Neuroscience},
keywords = {Adult,Brain Mapping,Calibration,Female,Fourier Analysis,Humans,Magnetic Resonance Imaging,Male,Motion Perception,Motion Perception: physiology,Reference Values,Retina,Retina: physiology,Species Specificity,Temporal Lobe,Temporal Lobe: anatomy {\&} histology,Temporal Lobe: physiology,Visual Cortex,Visual Cortex: anatomy {\&} histology,Visual Cortex: physiology,Visual Fields,Visual Fields: physiology,Visual Pathways,Visual Pathways: anatomy {\&} histology,Visual Pathways: physiology,Visual Perception,Visual Perception: physiology,Young Adult},
number = {29},
pages = {9801--20},
pmid = {20660263},
title = {{The retinotopic organization of the human middle temporal area MT/V5 and its cortical neighbors}},
url = {http://www.ncbi.nlm.nih.gov/pubmed/20660263},
volume = {30},
year = {2010}
}

@article{Amano2009,
author = {Amano, Kaoru and Wandell, Brian A and Dumoulin, Serge O},
doi = {10.1152/jn.00102.2009},
isbn = {8147136390},
issn = {1522-1598},
journal = {Journal of Neurophysiology},
number = {5},
pages = {2704--18},
pmid = {19587323},
title = {{Visual field maps, population receptive field sizes, and visual field coverage in the human MT+ complex}},
url = {http://www.ncbi.nlm.nih.gov/pubmed/19587323{\%}5Cnhttp://www.pubmedcentral.nih.gov/articlerender.fcgi?artid=PMC2777836},
volume = {102},
year = {2009}
}

@article{Dumoulin2000,
author = {Dumoulin, S. O.},
doi = {10.1093/cercor/10.5.454},
isbn = {1047-3211 (Print)$\backslash$n1047-3211 (Linking)},
issn = {14602199},
journal = {Cerebral Cortex},
number = {5},
pages = {454--463},
pmid = {10847595},
title = {{A New Anatomical Landmark for Reliable Identification of Human Area V5/MT: a Quantitative Analysis of Sulcal Patterning}},
url = {https://academic.oup.com/cercor/article-lookup/doi/10.1093/cercor/10.5.454},
volume = {10},
year = {2000}
}

@article{Dumoulin2008,
author = {Dumoulin, Serge O. and Wandell, Brian A.},
doi = {10.1016/j.neuroimage.2007.09.034},
isbn = {1053-8119 (Print)$\backslash$n1053-8119 (Linking)},
issn = {10538119},
journal = {NeuroImage},
keywords = {Neuron,V1,Visual areas,Visual cortex,fMRI,pRF},
number = {2},
pages = {647--660},
pmid = {17977024},
title = {{Population receptive field estimates in human visual cortex}},
volume = {39},
year = {2008}
}

@article{Emmerling2016,
author = {Emmerling, Thomas C. and Zimmermann, Jan and Sorger, Bettina and Frost, Martin A. and Goebel, Rainer},
doi = {10.1016/j.neuroimage.2015.10.022},
isbn = {1095-9572 (Electronic)$\backslash$r1053-8119 (Linking)},
issn = {10959572},
journal = {NeuroImage},
keywords = {Decoding,Functional magnetic resonance imaging,Multi-voxel pattern analysis,Ultra-high field MRI,Visual mental imagery},
number = {10},
pages = {61--73},
pmid = {26481673},
title = {{Decoding the direction of imagined visual motion using 7 T ultra-high field fMRI}},
volume = {125},
year = {2016}
}


% Multistable perception, reviews

@article{Leopold1999,
author = {Leopold, David A. and Logothetis, Nikos K.},
doi = {10.1016/S1364-6613(99)01332-7},
isbn = {1364-6613},
issn = {13646613},
journal = {Trends in Cognitive Sciences},
number = {7},
pages = {254--264},
pmid = {10377540},
title = {{Multistable phenomena: Changing views in perception}},
volume = {3},
year = {1999}
}

@article{Rees2007,
author = {Rees, G.},
doi = {10.1098/rstb.2007.2094},
isbn = {0962-8436 (Print)},
issn = {0962-8436},
journal = {Philosophical Transactions of the Royal Society},
keywords = {awareness,consciousness,functional magnetic resonance imaging,vision},
number = {1481},
pages = {877--886},
pmid = {17395576},
title = {{Neural correlates of the contents of visual awareness in humans}},
url = {http://rstb.royalsocietypublishing.org/cgi/doi/10.1098/rstb.2007.2094},
volume = {362},
year = {2007}
}

@article{Sterzer2009,
author = {Sterzer, Philipp and Kleinschmidt, Andreas and Rees, Geraint},
doi = {10.1016/j.tics.2009.04.006},
isbn = {1364-6613},
issn = {13646613},
journal = {Trends in Cognitive Sciences},
number = {7},
pages = {310--318},
pmid = {19540794},
title = {{The neural bases of multistable perception}},
volume = {13},
year = {2009}
}

@article{Brascamp2018,
author = {Brascamp, Jan and Sterzer, Philipp and Blake, Randolph and Knapen, Tomas},
doi = {10.1146/annurev-psych-010417-085944},
issn = {0066-4308},
journal = {Annual Review of Psychology},
keywords = {binocular rivalry,bistable perception,coding,functional magnetic resonance imaging,perceptual inference,predictive,transcranial magnetic},
number = {1},
pages = {77--103},
pmid = {28854000},
title = {{Multistable Perception and the Role of Frontoparietal Cortex in Perceptual Inference}},
url = {http://www.annualreviews.org/doi/10.1146/annurev-psych-010417-085944},
volume = {69},
year = {2018}
}

@article{Sterzer2002,
author = {Sterzer, Philipp and Russ, Michael O. and Preibisch, Christine and Kleinschmidt, Andreas},
doi = {10.1006/nimg.2001.1030},
isbn = {1053-8119 (Print)$\backslash$r1053-8119 (Linking)},
issn = {10538119},
journal = {NeuroImage},
keywords = {Apparent motion,Bistable percepts,Functional magnetic resonance imaging,Human visual cortex,Perceptual rivalry},
number = {4},
pages = {908--916},
pmid = {11906231},
title = {{Neural correlates of spontaneous direction reversals in ambiguous apparent visual motion}},
volume = {15},
year = {2002}
}


% apparent motion

@article{Ramachandran1985,
author = {Ramachandran, V. S. and Anstis, S. M.},
doi = {10.1068/p140135},
isbn = {0301-0066 (Print)$\backslash$n0301-0066 (Linking)},
issn = {03010066},
journal = {Perception},
number = {2},
pages = {135--143},
pmid = {4069943},
title = {{Perceptual organization in multistable apparent motion}},
volume = {14},
year = {1985}
}


% NCC theoretical and practical

@article{Metzinger2000,
archivePrefix = {arXiv},
arxivId = {arXiv:1011.1669v3},
author = {Metzinger, Thomas},
doi = {10.1017/CBO9781107415324.004},
eprint = {arXiv:1011.1669v3},
isbn = {0262133709},
issn = {1098-6596},
journal = {MIT Press},
pmid = {11875510},
title = {{Neural correlates of consciousness: Empirical and conceptual questions}},
year = {2000}
}

@article{Koch2016,
archivePrefix = {arXiv},
arxivId = {arXiv:1011.1669v3},
author = {Koch, Christof and Massimini, Marcello and Boly, Melanie and Tononi, Giulio},
doi = {10.1038/nrn.2016.22},
eprint = {arXiv:1011.1669v3},
isbn = {doi:10.1038/nrn.2016.22},
issn = {14710048},
journal = {Nature Reviews Neuroscience},
number = {5},
pages = {307--321},
pmid = {27094080},
title = {{Neural correlates of consciousness: Progress and problems}},
volume = {17},
year = {2016}
}

@article{DeGraaf2012,
author = {{De Graaf}, Tom A. and Hsieh, Po Jang and Sack, Alexander T.},
journal = {Neuroscience and Biobehavioral Reviews},
doi = {10.1016/j.neubiorev.2011.05.012},
isbn = {0149-7634},
issn = {01497634},
keywords = {Attention,Awareness,Consciousness,Consequences,Correlates,Necessary,Prerequisites,Substrates,Sufficient},
number = {1},
pages = {191--197},
pmid = {21651927},
title = {{The 'correlates' in neural correlates of consciousness}},
volume = {36},
year = {2012}
}

@article{Frassle2014,
author = {Frassle, S. and Sommer, J. and Jansen, A. and Naber, M. and Einhauser, W.},
doi = {10.1523/JNEUROSCI.4403-13.2014},
isbn = {0270-6474},
issn = {0270-6474},
journal = {Journal of Neuroscience},
number = {5},
pages = {1738--1747},
pmid = {24478356},
title = {{Binocular Rivalry: Frontal Activity Relates to Introspection and Action But Not to Perception}},
url = {http://www.jneurosci.org/cgi/doi/10.1523/JNEUROSCI.4403-13.2014},
volume = {34},
year = {2014}
}


% limitations MVPA

@article{Bartels2008,
author = {Bartels, Andreas and Logothetis, Nikos K. and Moutoussis, Konstantinos},
journal = {Trends in Neurosciences},
doi = {10.1016/j.tins.2008.06.004},
isbn = {0166-2236 (Print)},
issn = {01662236},
number = {9},
pages = {444--453},
pmid = {18676033},
title = {{fMRI and its interpretations: an illustration on directional selectivity in area V5/MT}},
volume = {31},
year = {2008}
}

@article{Logothetis2008,
archivePrefix = {arXiv},
arxivId = {gr-qc/0208024},
author = {Logothetis, Nikos K.},
doi = {10.1038/nature06976},
eprint = {0208024},
isbn = {0028-0836},
issn = {14764687},
journal = {Nature},
number = {7197},
pages = {869--878},
pmid = {18548064},
primaryClass = {gr-qc},
title = {{What we can do and what we cannot do with fMRI}},
volume = {453},
year = {2008}
}

@article{Wang2014,
author = {Wang, H. X. and Merriam, E. P. and Freeman, J. and Heeger, D. J.},
doi = {10.1523/JNEUROSCI.1034-14.2014},
issn = {0270-6474},
journal = {Journal of Neuroscience},
keywords = {coarse-scale bias,direction preference,fmri,motion decoding,multivariate classification,visual cortex},
number = {37},
pages = {12601--12615},
title = {{Motion Direction Biases and Decoding in Human Visual Cortex}},
url = {http://www.jneurosci.org/cgi/doi/10.1523/JNEUROSCI.1034-14.2014},
volume = {34},
year = {2014}
}


% statistical methods

@article{Cohen1998,
archivePrefix = {arXiv},
arxivId = {arXiv:1011.1669v3},
author = {Cohen, E Richard},
doi = {10.1088/0957-0233/9/6/022},
isbn = {093570275X},
issn = {0957-0233},
journal = {Measurement Science and Technology},
number = {6},
pmid = {4468910},
title = {{An introduction to error analysis: The study of uncertainties in physical measurements}},
volume = {9},
year = {1998}
}

@article{Meng1992,
author = {Meng, Xiao-li and Rosenthal, Robert and Rubin, Donald B.},
doi = {10.1037/0033-2909.111.1.172},
isbn = {00332909},
issn = {0033-2909},
journal = {Psychological Bulletin},
number = {1},
pages = {172--175},
pmid = {9202172680},
title = {{Comparing correlated correlation coefficients.}},
volume = {111},
year = {1992}
}


% UHF MRI reference

@article{Ugurbil2003,
author = {Uǧurbil, K{\^{a}}mil and Adriany, Gregor and Andersen, Peter and Chen, Wei and Garwood, Michael and Gruetter, Rolf and Henry, Pierre Gil and Kim, Seong Gi and Lieu, Haiying and Tkac, Ivan and Vaughan, Tommy and {Van De Moortele}, Pierre Francoise and Yacoub, Essa and Zhu, Xiao Hong},
journal = {Magnetic Resonance Imaging},
doi = {10.1016/j.mri.2003.08.027},
isbn = {0730-725X (Print) 0730-725X (Linking)},
issn = {0730725X},
pmid = {14725934},
title = {{Ultrahigh field magnetic resonance imaging and spectroscopy}},
year = {2003}
}

@article{Marquardt2018,
author = {Marquardt, Ingo and Schneider, Marian and Gulban, Omer Faruk and Ivanov, Dimo and Uludağ, K{\^{a}}mil},
doi = {10.1002/hbm.24042},
isbn = {5417377074},
issn = {10970193},
journal = {Human Brain Mapping},
keywords = {area V1,area V2,contrast response function,cortical layers,feedforward processing,high-resolution fMRI,laminar fMRI,luminance contrast,ultra-high-field MRI},
number = {7},
pages = {2812--2827},
pmid = {29575494},
title = {{Cortical depth profiles of luminance contrast responses in human V1 and V2 using 7 T fMRI}},
volume = {39},
year = {2018}
}

% Software references

@article{Peirce2008,
author = {Peirce, Jonathan W},
doi = {10.3389/neuro.11.010.2008},
isbn = {1662-5196 (Electronic)$\backslash$r1662-5196 (Linking)},
issn = {16625196},
journal = {Frontiers in Neuroinformatics},
pmid = {19198666},
title = {{Generating stimuli for neuroscience using PsychoPy}},
url = {http://journal.frontiersin.org/article/10.3389/neuro.11.010.2008/abstract},
volume = {2},
year = {2008}
}

@article{Peirce2007,
author = {Peirce, Jonathan W},
doi = {10.1016/j.jneumeth.2006.11.017},
isbn = {0165-0270 (Print)$\backslash$r0165-0270 (Linking)},
issn = {0165-0270},
journal = {Journal of Neuroscience Methods},
keywords = {Humans,Language,Psychophysics,Psychophysics: instrumentation,Psychophysics: methods,Software},
pages = {8--13},
pmid = {17254636},
title = {{PsychoPy - Psychophysics software in Python.}},
url = {http://www.ncbi.nlm.nih.gov/pubmed/17254636},
volume = {162},
year = {2007}
}

@article{matplotlib2007,
  Author    = {Hunter, J. D.},
  Title     = {Matplotlib: A 2D graphics environment},
  Journal   = {Computing In Science \& Engineering},
  Volume    = {9},
  Number    = {3},
  Pages     = {90--95},
  abstract  = {Matplotlib is a 2D graphics package used for Python
  for application development, interactive scripting, and
  publication-quality image generation across user
  interfaces and operating systems.},
  publisher = {IEEE COMPUTER SOC},
  doi = {10.1109/MCSE.2007.55},
  year      = 2007
}

@article{scipy2001,
      author =    {Eric Jones and Travis Oliphant and Pearu Peterson and others},
      title =     {{SciPy}: Open source scientific tools for {Python}},
	  year = {2007},
      url = "http://www.scipy.org/",
      journal = {Computing in Science and Engineering},
    }

@article{numpy2011,
        title={The NumPy array: a structure for efficient numerical computation},
        author={Van Der Walt, Stefan and Colbert, S Chris and Varoquaux, Gael},
        journal={Computing in Science \& Engineering},
        volume={13},
        number={2},
        pages={22--30},
        year={2011},
        publisher={AIP Publishing}
        }

@misc{nibabel2017,
  author       = {Matthew Brett and
                  Michael Hanke and
                  Marc-Alexandre Côté and
                  Chris Markiewicz and
                  Satrajit Ghosh and
                  Demian Wassermann and
                  Stephan Gerhard and
                  Eric Larson and
                  Gregory R. Lee and
                  Yaroslav Halchenko and
                  Erik Kastman and
                  Cindee M and
                  Félix C. Morency and
                  moloney and
                  Ariel Rokem and
                  Michiel Cottaar and
                  Jarrod Millman and
                  jaeilepp and
                  Alexandre Gramfort and
                  Robert D Vincent and
                  Paul McCarthy and
                  Jasper J.F. van den Bosch and
                  Krish Subramaniam and
                  Nolan Nichols and
                  embaker and
                  markhymers and
                  chaselgrove and
                  Basile and
                  Nikolaas N. Oosterhof and
                  Ian Nimmo-Smith},
  title        = {nipy/nibabel: 2.2.0},
  month        = oct,
  year         = 2017,
  doi          = {10.5281/zenodo.1011207},
  url          = {https://doi.org/10.5281/zenodo.1011207}
}

@article{Goebel2006,
author = {Goebel, Rainer and Esposito, Fabrizio and Formisano, Elia},
doi = {10.1002/hbm.20249},
isbn = {1065-9471 (Print)$\backslash$r1065-9471 (Linking)},
issn = {10659471},
journal = {Human Brain Mapping},
keywords = {Cortex-based analysis,Cortical alignment,Functional magnetic resonance imaging,Independent component analysis,fMRI data analysis},
number = {5},
pages = {392--401},
pmid = {16596654},
title = {{Analysis of Functional Image Analysis Contest (FIAC) data with BrainVoyager QX: From single-subject to cortically aligned group General Linear Model analysis and self-organizing group Independent Component Analysis}},
volume = {27},
year = {2006}
}

@book{Friston2006,
author = {Friston, Karl J},
booktitle = {Functional neuroimaging: Technical},
isbn = {0-12-372560-7},
pages = {656},
title = {{Statistical Parametric Mapping: The Analysis of Functional Brain Images}},
year = {2006}
}

@article{Jenkinson2012,
archivePrefix = {arXiv},
arxivId = {arXiv:1401.4122v2},
author = {Jenkinson, Mark and Beckmann, Christian F. and Behrens, Timothy E. J. and Woolrich, Mark W. and Smith, Stephen M.},
doi = {10.1016/j.neuroimage.2011.09.015},
eprint = {arXiv:1401.4122v2},
isbn = {1095-9572},
issn = {1053-8119},
journal = {NeuroImage},
number = {2},
pages = {782--790},
pmid = {21979382},
title = {{FSL}},
volume = {62},
year = {2012}
}

@article{py06nimg,
  author = {Paul A. Yushkevich and Joseph Piven and Cody Hazlett, Heather and
    Gimpel Smith, Rachel and Sean Ho and James C. Gee and Guido Gerig},
  title = {User-Guided {3D} Active Contour Segmentation of
    Anatomical Structures: Significantly Improved Efficiency and Reliability},
  journal = {Neuroimage},
  year = {2006},
  volume = {31},
  number = {3},
  pages = {1116--1128},
}

@article{Ashburner2005,
author = {Ashburner, John and Friston, Karl J.},
doi = {10.1016/j.neuroimage.2005.02.018},
isbn = {1053-8119 (Print) 1053-8119 (Linking)},
issn = {10538119},
journal = {NeuroImage},
keywords = {Bias correction,Image registration,Mixture of Gaussians,Tissue classification,Tissue probability maps},
number = {3},
pages = {839--851},
pmid = {15955494},
title = {{Unified segmentation}},
volume = {26},
year = {2005}
}

@article{Smith2002,
archivePrefix = {arXiv},
author = {Smith, Stephen M.},
arxivId = {NIHMS150003},
doi = {10.1002/hbm.10062},
eprint = {NIHMS150003},
isbn = {1065-9471 (Print) 1065-9471 (Linking)},
issn = {10659471},
journal = {Human Brain Mapping},
keywords = {Brain segmentation,Cortical surface modeling},
number = {3},
pages = {143--155},
pmid = {12391568},
title = {{Fast robust automated brain extraction}},
volume = {17},
year = {2002}
}

@article{segmentator_v1.3.0,
author = {Gulban, Omer Faruk and Schneider, Marian and Marquardt, Ingo and Haast, Roy A M and {De Martino}, Federico},
doi = {10.1371/journal.pone.0198335},
isbn = {1111111111},
issn = {1932-6203},
journal = {PloS one},
mendeley-groups = {SoftwareRefs},
pmid = {29874295},
title = {{A scalable method to improve gray matter segmentation at ultra high field MRI.}},
year = {2018}
}

@article{pyprf_feature,
  author       = {Marian Schneider and
                  Ingo Marquardt and
                  Omer Faruk Gulban and
                  Ilkay Isik},
  title        = {PyPRF feature - Population receptive field estimation with feature weights.},
  month        = aug,
  year         = 2018,
  doi          = {10.5281/zenodo.1401465},
  url          = {https://doi.org/10.5281/zenodo.1401465},
  journal      = {https://doi.org/10.5281/zenodo.1401465}

}

@article{vificov,
  author       = {Marian Schneider},
  title        = {ViFiCov - visual field coverage visualization in python},
  month        = aug,
  year         = 2018,
  doi          = {10.5281/zenodo.1401468},
  url          = {https://doi.org/10.5281/zenodo.1401468},
  journal      = {https://doi.org/10.5281/zenodo.1401468}
}

@article{Kriegeskorte2001,
author = {Kriegeskorte, Nikolaus and Goebel, Rainer},
doi = {10.1006/nimg.2001.0831},
isbn = {1053-8119 (Print)$\backslash$n1053-8119 (Linking)},
issn = {10538119},
journal = {NeuroImage},
keywords = {Cortex,Cortical sheet,Genus,Handle,MRI,Surface reconstruction,Topology,fMRI},
number = {2},
pages = {329--346},
pmid = {11467907},
title = {{An efficient algorithm for topologically correct segmentation of the cortical sheet in anatomical MR volumes}},
volume = {14},
year = {2001}
}

@article{Greve2009,
author = {Greve, Douglas N. and Fischl, Bruce},
doi = {10.1016/j.neuroimage.2009.06.060},
isbn = {1095-9572 (Electronic)$\backslash$r1053-8119 (Linking)},
issn = {10538119},
journal = {NeuroImage},
number = {1},
pages = {63--72},
pmid = {19573611},
title = {{Accurate and robust brain image alignment using boundary-based registration}},
volume = {48},
year = {2009}
}

@article{van_de_moortele_t1_2009,
	title = {T1 weighted brain images at 7 {Tesla} unbiased for {Proton} {Density}, {T}2* contrast and {RF} coil receive {B}1 sensitivity with simultaneous vessel visualization},
	volume = {46},
	issn = {1095-9572},
	doi = {10.1016/j.neuroimage.2009.02.009},
	language = {eng},
	number = {2},
	journal = {NeuroImage},
	author = {Van de Moortele, Pierre-François and Auerbach, Edwards J. and Olman, Cheryl and Yacoub, Essa and Uğurbil, Kâmil and Moeller, Steen},
	month = jun,
	year = {2009},
	pmid = {19233292},
	pmcid = {PMC2700263},
	keywords = {Algorithms, Brain, Cerebral Angiography, Humans, Image Enhancement, Magnetic Resonance Angiography, Protons, Reproducibility of Results, Sensitivity and Specificity, Transducers},
	pages = {432--446}
}

@article{Smith2004,
author = {Smith, SM and Jenkinson, M and Woolrich, MW and Beckmann, CF and Behrens, TE and Johansen-Berg, H and Bannister, PR and {De Luca}, M and Drobnjak, I and Flitney, DE and Niazy, RK and Saunders, J and Vickers, J and Zhang, Y and {De Stefano}, N and Brady, JM and Matthews, PM},
doi = {10.1016/j.neuroimage.2004.07.051},
issn = {1053-8119},
journal = {NeuroImage},
pmid = {15501092},
title = {{Advances in functional and structural MR image analysis and implementation as FSL.}},
year = {2004}
}

@article{Andersson2003,
archivePrefix = {arXiv},
arxivId = {1011.1669},
author = {Andersson, Jesper L.R. and Skare, Stefan and Ashburner, John},
doi = {10.1016/S1053-8119(03)00336-7},
eprint = {1011.1669},
isbn = {1053-8119 (Print)$\backslash$r1053-8119},
issn = {10538119},
journal = {NeuroImage},
number = {2},
pages = {870--888},
pmid = {14568458},
title = {{How to correct susceptibility distortions in spin-echo echo-planar images: Application to diffusion tensor imaging}},
volume = {20},
year = {2003}
}

@techreport{Andersson2007,
author = {Andersson, Jesper L R and Jenkinson, Mark and Smith, Stephen},
isbn = {TR07JA02},
number = {June},
pages = {22},
title = {{Non-linear registration, aka spatial normalisation. FMRIB Technial Report TR07JA2.}},
year = {2007}
}

@article{Jenkinson2001,
author = {Jenkinson, Mark and Smith, Stephen},
doi = {10.1016/S1361-8415(01)00036-6},
isbn = {1441865222739},
issn = {13618415},
journal = {Medical Image Analysis},
keywords = {Affine transformation,Global optimisation,Multi-resolution search,Multimodal registration,Robustness},
number = {2},
pages = {143--156},
pmid = {11516708},
title = {{A global optimisation method for robust affine registration of brain images}},
volume = {5},
year = {2001}
}

@article{Jenkinson2002,
archivePrefix = {arXiv},
arxivId = {arXiv:1011.1669v3},
author = {Jenkinson, Mark and Bannister, Peter and Brady, Michael and Smith, Stephen},
doi = {10.1016/S1053-8119(02)91132-8},
eprint = {arXiv:1011.1669v3},
isbn = {1053-8119 (Print) 1053-8119 (Linking)},
issn = {10538119},
journal = {NeuroImage},
keywords = {Accuracy,Affine transformation,Global optimization,Motion correction,Multimodal registration,Multiresolution search,Robustness},
number = {2},
pages = {825--841},
pmid = {12377157},
title = {{Improved optimisation for the robust and accurate linear registration and motion correction of brain images}},
volume = {17},
year = {2002}
}

@article{Friston1998,
author = {Friston, K J and Fletcher, P and Josephs, O and Holmes, a and Rugg, M D and Turner, R},
doi = {10.1006/nimg.1997.0306},
isbn = {1053-8119 (Print)$\backslash$r1053-8119 (Linking)},
issn = {1053-8119},
journal = {NeuroImage},
keywords = {Evoked Potentials,Evoked Potentials: physiology,Frontal Lobe,Frontal Lobe: physiology,Hemodynamics,Hemodynamics: physiology,Humans,Linear Models,Magnetic Resonance Imaging,Memory,Memory: physiology,Models, Theoretical,Reaction Time,Reference Values},
number = {1},
pages = {30--40},
pmid = {9500830},
title = {{Event-related fMRI: characterizing differential responses.}},
url = {http://www.ncbi.nlm.nih.gov/pubmed/9500830},
volume = {7},
year = {1998}
}

@article{Tyler2005,
author = {Tyler, Christopher W. and Likova, Lora T. and Chen, Chien-Chung and Kontsevich, Leonid L. and Schira, Mark M. and Wade, Alex R.},
doi = {10.2174/157340505774574772},
issn = {15734056},
journal = {Current Medical Imaging Reviews},
pages = {319--329},
title = {{Extended Concepts of Occipital Retinotopy}},
volume = {1},
year = {2005}
}

%% Statistical methods

@article{Oden1986,
author = {Oden, N L and Sokal, R R},
doi = {10.2307/2413120},
isbn = {0039-7989},
issn = {00397989},
journal = {Systematic Zoology},
title = {{Directional Autocorrelation - an Extension of Spatial Correlograms to 2 Dimensions}},
year = {1986}
}

@article{Rosenberg2010,
author = {Rosenberg, Michael S.},
doi = {10.1111/j.1538-4632.2000.tb00428.x},
isbn = {0016-7363},
issn = {00167363},
journal = {Geographical Analysis},
number = {3},
pages = {267--278},
title = {{The Bearing Correlogram: A New Method of Analyzing Directional Spatial Autocorrelation}},
url = {http://doi.wiley.com/10.1111/j.1538-4632.2000.tb00428.x},
volume = {32},
year = {2010}
}

@article{Moran1950,
archivePrefix = {arXiv},
arxivId = {arXiv:1206.0834v2},
author = {Moran, P. A.},
doi = {10.1093/biomet/37.1-2.17},
eprint = {arXiv:1206.0834v2},
isbn = {0006-3444},
issn = {00063444},
journal = {Biometrika},
pmid = {15420245},
title = {{Notes on continuous stochastic phenomena.}},
year = {1950}
}

@phdthesis{EmmerlingPhDThesis,
title = "Imaging imagery: an investigation of visual cognition using high-resolution fMRI",
author = "Emmerling, {Thomas Christoph}",
year = "2016",
language = "English",
isbn = "9789463280495",
publisher = "CPI W{\"o}hrmann Print Services B.V.",
school = "Maastricht University",
url = {https://cris.maastrichtuniversity.nl/portal/en/publications/imaging-imagery(85216681-d6a8-4898-beec-645b255b9c43).html},
}


% psychophysics

@article{Glaser1991,
author = {Chaudhuri, A. and Glaser, D. A.},
doi = {10.1017/S0952523800009706},
isbn = {0952-5238},
issn = {14698714},
journal = {Visual Neuroscience},
keywords = {Apparent motion,Bistable quartet,Decussation,Interhemispheric transmission,Naso-temporal overlap},
number = {5},
pages = {397--407},
pmid = {1764411},
title = {{Metastable Motion Anisotropy}},
volume = {7},
year = {1991}
}

@article{Finlay1987,
author = {Finlay, David and von Gr{\"{u}}nau, Michael},
doi = {10.3758/BF03207984},
isbn = {0031-5117},
issn = {00315117},
journal = {Perception {\&} Psychophysics},
number = {6},
pages = {526--534},
pmid = {3696947},
title = {{Some experiments on the breakdown effect in apparent motion}},
volume = {42},
year = {1987}
}

@article{Gen2011,
author = {Gen, Erhan and Bergmann, Johanna and Singer, Wolf and Kohler, Axel},
doi = {10.1016/j.cub.2011.08.003},
isbn = {1879-0445 (Electronic)$\backslash$n0960-9822 (Linking)},
issn = {09609822},
journal = {Current Biology},
number = {17},
pages = {1494--1499},
pmid = {21885284},
title = {{Interhemispheric connections shape subjective experience of bistable motion}},
volume = {21},
year = {2011}
}

% laminar connectivity

@article{Felleman1991,
author = {Felleman, Daniel J. and {Van Essen}, David C.},
doi = {10.1093/cercor/1.1.1},
isbn = {1047-3211 (Print)$\backslash$n1047-3211 (Linking)},
issn = {14602199},
journal = {Cerebral Cortex},
number = {1},
pages = {1--47},
pmid = {1822724},
title = {{Distributed hierarchical processing in the primate cerebral cortex}},
volume = {1},
year = {1991}
}

@article{Markov2014,
author = {Markov, Nikola T. and Vezoli, Julien and Chameau, Pascal and Falchier, Arnaud and Quilodran, Ren{\'{e}} and Huissoud, Cyril and Lamy, Camille and Misery, Pierre and Giroud, Pascale and Ullman, Shimon and Barone, Pascal and Dehay, Colette and Knoblauch, Kenneth and Kennedy, Henry},
doi = {10.1002/cne.23458},
isbn = {1096-9861 (Electronic)$\backslash$r0021-9967 (Linking)},
issn = {00219967},
journal = {Journal of Comparative Neurology},
keywords = {Cell morphology,Monkey,Neocortex,Retrograde tracing},
number = {1},
pages = {225--259},
pmid = {23983048},
title = {{Anatomy of hierarchy: Feedforward and feedback pathways in macaque visual cortex}},
volume = {522},
year = {2014}
}
